@article{strodthoff2018detecting,
	year = 2019,
	volume = {40},
	number = {1},
	pages = {015001},
	author = {Nils Strodthoff and Claas Strodthoff},
	title = {Detecting and interpreting myocardial infarction using fully convolutional neural networks},
	journal = {Physiological Measurement}
}